@INPROCEEDINGS{6241660,
  author={Bachrach, Jonathan and Vo, Huy and Richards, Brian and Lee, Yunsup and Waterman, Andrew and Avižienis, Rimas and Wawrzynek, John and Asanović, Krste},
  booktitle={DAC Design Automation Conference 2012}, 
  title={Chisel: Constructing hardware in a Scala embedded language}, 
  year={2012},
  volume={},
  number={},
  pages={1212-1221},
  doi={10.1145/2228360.2228584}}