@misc{rosser2018cocotb,
  title={Cocotb: a Python-based digital logic verification framework},
  author={Rosser, Benjamin John},
  year={2018},
  publisher={CERN}
}