@INPROCEEDINGS{spinalhdl_doc,
  title={https://github.com/SpinalHDL/SpinalHDL},
  
  author={SpinalHDL},
  
  year={},
  
  publisher={}
}

@INPROCEEDINGS{cocotb_doc,
  title={https://github.com/cocotb/cocotb},
  
  author={Cocotb},
  
  year={},
  
  publisher={}
}